<?xml version="1.0" encoding="UTF-8"?>
<record xmlns="http://www.loc.gov/MARC21/slim" xmlns:xsi="http://www.w3.org/2001/XMLSchema-instance" xsi:schemaLocation="http://www.loc.gov/MARC21/slim http://www.loc.gov/standards/marcxml/schema/MARC21slim.xsd">
<leader>00000cam a22      a 4500</leader>
<controlfield tag="001">001677687</controlfield>
<controlfield tag="003">NNU</controlfield>
<controlfield tag="005">20150608154826.0</controlfield>
<controlfield tag="008">860911s1949    ua ac         000 0 ara</controlfield>
<datafield tag="010" ind1=" " ind2=" ">
<subfield code="a">   86960593</subfield>
</datafield>
<datafield tag="035" ind1=" " ind2=" ">
<subfield code="a">(OCoLC)4441388</subfield>
</datafield>
<datafield tag="040" ind1=" " ind2=" ">
<subfield code="a">DLC</subfield>
<subfield code="b">eng</subfield>
<subfield code="c">DLC</subfield>
<subfield code="d">CLU</subfield>
<subfield code="d">YUS</subfield>
<subfield code="d">IUL</subfield>
<subfield code="d">OCLCF</subfield>
<subfield code="d">OCLCQ</subfield>
<subfield code="d">NNU</subfield>
</datafield>
<datafield tag="042" ind1=" " ind2=" ">
<subfield code="a">pcc</subfield>
</datafield>
<datafield tag="043" ind1=" " ind2=" ">
<subfield code="a">f-ua---</subfield>
</datafield>
<datafield tag="050" ind1=" " ind2="4">
<subfield code="a">BP187.65.E3</subfield>
<subfield code="b">C34232 1949</subfield>
</datafield>
<datafield tag="100" ind1="1" ind2=" ">
<subfield code="6">880-01</subfield>
<subfield code="a">Abū al-ʻUyūn, Maḥmūd.</subfield>
</datafield>
<datafield tag="245" ind1="1" ind2="3">
<subfield code="6">880-02</subfield>
<subfield code="a">al-Jāmiʻ al-Azhar :</subfield>
<subfield code="b">nubdhah fī tārīkhih /</subfield>
<subfield code="c">bi-qalam Maḥmūd Abū al-ʻUyūn.</subfield>
</datafield>
<datafield tag="260" ind1=" " ind2=" ">
<subfield code="6">880-03</subfield>
<subfield code="a">[Cairo] :</subfield>
<subfield code="b">Maṭbaʻat al-Azʹhar,</subfield>
<subfield code="c">1949.</subfield>
</datafield>
<datafield tag="300" ind1=" " ind2=" ">
<subfield code="a">152 pages :</subfield>
<subfield code="b">illustrations, portraits ;</subfield>
<subfield code="c">20 cm</subfield>
</datafield>
<datafield tag="336" ind1=" " ind2=" ">
<subfield code="a">text</subfield>
<subfield code="b">txt</subfield>
<subfield code="2">rdacontent</subfield>
</datafield>
<datafield tag="337" ind1=" " ind2=" ">
<subfield code="a">unmediated</subfield>
<subfield code="b">n</subfield>
<subfield code="2">rdamedia</subfield>
</datafield>
<datafield tag="338" ind1=" " ind2=" ">
<subfield code="a">volume</subfield>
<subfield code="b">nc</subfield>
<subfield code="2">rdacarrier</subfield>
</datafield>
<datafield tag="610" ind1="2" ind2="0">
<subfield code="a">Jāmiʻ al-Azhar</subfield>
<subfield code="6">880-04</subfield>
<subfield code="x">History.</subfield>
</datafield>
<datafield tag="650" ind1=" " ind2="0">
<subfield code="a">Mosques</subfield>
<subfield code="z">Egypt</subfield>
<subfield code="z">Cairo</subfield>
<subfield code="x">History.</subfield>
</datafield>
<datafield tag="610" ind1="2" ind2="7">
<subfield code="a">Jāmiʻ al-Azhar.</subfield>
<subfield code="2">fast</subfield>
<subfield code="0">(OCoLC)fst00560467</subfield>
</datafield>
<datafield tag="650" ind1=" " ind2="7">
<subfield code="a">Mosques.</subfield>
<subfield code="2">fast</subfield>
<subfield code="0">(OCoLC)fst01026761</subfield>
</datafield>
<datafield tag="651" ind1=" " ind2="7">
<subfield code="a">Egypt</subfield>
<subfield code="z">Cairo.</subfield>
<subfield code="2">fast</subfield>
<subfield code="0">(OCoLC)fst01205204</subfield>
</datafield>
<datafield tag="655" ind1=" " ind2="7">
<subfield code="a">History.</subfield>
<subfield code="2">fast</subfield>
<subfield code="0">(OCoLC)fst01411628</subfield>
</datafield>
<datafield tag="880" ind1="1" ind2=" ">
<subfield code="6">100-01/</subfield>
<subfield code="a">أبو العيون، محمود.</subfield>
</datafield>
<datafield tag="880" ind1="1" ind2="2">
<subfield code="6">245-02/</subfield>
<subfield code="a">الجامع الأزهر :</subfield>
<subfield code="b">نبذة في تاريخه /</subfield>
<subfield code="c">بقلم محمود أبو العيون.</subfield>
</datafield>
<datafield tag="880" ind1=" " ind2=" ">
<subfield code="6">260-03/</subfield>
<subfield code="a">[القاهرة] :</subfield>
<subfield code="b">مطبعة الأزهر،</subfield>
<subfield code="c">1949.</subfield>
</datafield>
<datafield tag="880" ind1="2" ind2="4">
<subfield code="6">610-04/</subfield>
<subfield code="a">جامع الازهر.</subfield>
</datafield>
<datafield tag="OWN" ind1=" " ind2=" ">
<subfield code="a">GENERAL</subfield>
</datafield>
<datafield tag="AVA" ind1=" " ind2=" ">
<subfield code="a">NYU50</subfield>
<subfield code="b">BOBST</subfield>
<subfield code="c">Main Collection</subfield>
<subfield code="d">BP187.6.C3 A9</subfield>
<subfield code="e">unavailable</subfield>
<subfield code="t">Unavailable</subfield>
<subfield code="f">1</subfield>
<subfield code="g">1</subfield>
<subfield code="h">N</subfield>
<subfield code="i">0</subfield>
<subfield code="j">MAIN</subfield>
<subfield code="k">0</subfield>
</datafield>
</record>
